% $Id: Field.bib,v 1.1 2003/03/10 21:54:19 cdeluca Exp $

<Standard LaTeX bibliographic database entries (e.g. @techreport ...).
 Latex2html automatically creates links when the \cite command 
 is used to reference a bibliography entry in the text body.>















