% $Id: LogErr_LogErr_desdoc.ctexdoc.bib,v 1.1 2003/08/07 17:54:18 shep_smith Exp $
%
% Earth System Modeling Framework
% Copyright 2002-2003, University Corporation for Atmospheric Research, 
% Massachusetts Institute of Technology, Geophysical Fluid Dynamics 
% Laboratory, University of Michigan, National Centers for Environmental 
% Prediction, Los Alamos National Laboratory, Argonne National Laboratory, 
% NASA Goddard Space Flight Center.
% Licensed under the GPL.

<Standard LaTeX bibliographic database entries (e.g. @techreport ...).
 Latex2html automatically creates links when the \cite command 
 is used to reference a bibliography entry in the text body.>















