% $Id: IO.bib,v 1.1 2002/03/05 20:33:03 cnh Exp $

<Standard LaTeX bibliographic database entries (e.g. @techreport ...).
 Latex2html automatically creates links when the \cite command 
 is used to reference a bibliography entry in the text body.>















