% $Id: comp.bib,v 1.1 2001/12/13 20:03:39 cdeluca Exp $

<Standard LaTeX bibliographic database entries (e.g. @techreport ...).
 Latex2html automatically creates links when the \cite command 
 is used to reference a bibliography entry in the text body.>















