% $Id: regrid.bib,v 1.1 2002/03/16 22:00:19 pwjones Exp $

@ARTICLE{Jones1999,
         author  = {Jones, P.W.},
         title   = {First- and Second-Order Conservative Remapping Schemes
                    for Grids in Spherical Coordinates},
         journal = {Monthly Weath. Rev.},
         year    = 1999
         volume  = 127,
         pages   = "2204--2210"
}


