% $Id: Regrid.bib,v 1.1 2002/03/14 05:11:12 cnh Exp $

<Standard LaTeX bibliographic database entries (e.g. @techreport ...).
 Latex2html automatically creates links when the \cite command 
 is used to reference a bibliography entry in the text body.>















