% $Id: Config.bib,v 1.1 2003/05/07 04:34:29 cdeluca Exp $

<Standard LaTeX bibliographic database entries (e.g. @techreport ...).
 Latex2html automatically creates links when the \cite command 
 is used to reference a bibliography entry in the text body.>















