% $Id: TimeMgr.bib,v 1.2 2003/08/13 02:39:58 cdeluca Exp $

@misc{IERS,
        title = {International Earth Rotation Service (IERS)},
        note = {http://hpiers.obspm.fr}
}

@misc{CSMconv,
        title = {CSM Time Conventions},
        note = {http://www.cgd.ucar.edu/cms/eaton/netcdf/NCAR-CSM.html}
}

@misc{CORBAtime,
        author = {OMG},
        title = {CORBA Time Service Specification Version 1.0},
        note = {ftp://ftp.omg.org/pub/docs/formal/00-06-26.pdf}
}

@misc{USNO,
        title = {US Naval Observatory Time Pages},
        note = {http://tycho.usno.navy.mil}
}

@misc{W3C,
        title = {W3C Date and Time Note},
        note = {http://www.w3.org/TR/NOTE-datetime}
}

@misc{NIST,
        title = {NIST Time and Date Material},
        note = {http://www.boulder.nist.gov/timefreq/general/faq.htm}
}

@misc{ISO,
        title = {Some notes on the ISO8601 time and date specification standard.},
        note = {http://www.mcs.vuw.ac.nz/technical/software/SGML/doc/iso8601/ISO8601.html}
}

@article{Fli68,
         author = "{Fliegel, H.F.} and {Van Flandern, T.C.}",
         title = "{Numerical Recipes}",
         journal = "Comm. ACM",
         year = 1968,
         volume = "11",
         number = "10",
         pages = "657"
}
@book{seidelman,
         author = "{Seidelman, P.K.}",
         title = "{Explanatory Supplement to the Astronomical Almanac}",
         publisher = "University Science Books",
         year = "1992"
}

@misc={javaCalendar,
       title = {The JAVA Calendar Class},
       note = {http://java.sun.com/j2se/1.4/docs/api/java/util/Calendar.html}
}





