% $Id: DistGrid.bib,v 1.2 2002/03/11 02:05:53 vbalaji Exp $

<Standard LaTeX bibliographic database entries (e.g. @techreport ...).
 Latex2html automatically creates links when the \cite command 
 is used to reference a bibliography entry in the text body.>

@Article{ref:a1966,
  author =	 {A. Arakawa},
  title =	 {Computational design for long-term numerical
                  integration of the equations of atmospheric motion.},
  journal =	 JCP,
  year =	 1966,
  volume =	 1,
  pages =	 {119--143},
  annote =	 {Grids}
}

@Article{ref:m1996,
  author =	 {Ross J. Murray},
  title =	 {Explicit Generation of Orthogonal grids for Ocean
                  Models.},
  journal =	 JCP,
  year =	 1996,
  volume =	 126,
  pages =	 {251 -- 273}
}

@Article{ref:rpm1996,
  author =	 {M. Rancic and R.J. Purser and F. Mesinger},
  title =	 {A global shallow-water model using an expanded
                  spherical cube: Gnomonic versus conformal
                  coordinates.},
  journal =	 QJRMS,
  year =	 1996,
  volume =	 122,
  pages =	 {959 -- 982}
}

@InProceedings{ref:b2001,
  author =	 {V. Balaji},
  title =	 {Parallel numerical kernels for climate models},
  booktitle =	 {ECMWF Teracomputing Workshop},
  year =	 2001,
  editor =	 {ECMWF},
  publisher =	 {World Scientific Press}
}















