% $Id: PhysGrid.bib,v 1.4 2002/04/02 01:30:53 rhallberg Exp $

% abbreviations
@String{BAMS = {Bull. Amer. Met. Soc.}}
@String{JAS = {J. Atmos. Sci.}}
@String{JAOT = {J. Atmos. Ocean. Tech.}}
@String{JCP = {J. Comp. Phys.}}
@String{MWR = {Mon. Wea. Rev.}}
@String{QJRMS = {Quart. J. Roy. Meteor. Soc.}}

@Article{ref:m1996,
  author =       {Ross J. Murray},
  title =        {Explicit Generation of Orthogonal grids for Ocean
                  Models.},
  journal =      JCP,
  year =         1996,
  volume =       126,
  pages =        {251 -- 273}
}

@Article{ref:rpm1996,
  author =       {M. Rancic and R.J. Purser and F. Mesinger},
  title =        {A global shallow-water model using an expanded
                  spherical cube: Gnomonic versus conformal
                  coordinates.},
  journal =      QJRMS,
  year =         1996,
  volume =       122,
  pages =        {959 -- 982}
}

