% $Id: CommMem.bib,v 1.2 2002/08/28 02:12:21 cdeluca Exp $

<Standard LaTeX bibliographic database entries (e.g. @techreport ...).
 Latex2html automatically creates links when the \cite command 
 is used to reference a bibliography entry in the text body.>















