% $ Id: $

@misc(ref:cf,
       author = "{Eaton, B.} and {J. Gregory} and {B. Drach} and {K. Taylor} and {S. Hankin}",
       title = "{NetCDF Climate and Forecast (CF) Metadata Convention}",
       howpublished = "http://www.cgd.ucar.edu/cms/eaton/cf-metadata/index.html")

@misc(ref:iso,
       title = "International Organization for Standardization",
       url = "http://www.iso.org/iso/home.html",
       date = "last accessed on May 16, 2011")

@misc(ref:cim,
       title = "metafor - Developing the CIM",
       url = "http://metaforclimate.eu/Table/Work-Package-2/Developing-the-CIM/",
       date = "last accessed on May 16, 2011")





