% $ Id $

@book{wiegers,
        author = "{Wiegers, K. E.}",
        title = "Software Requirements",
        publisher = "Microsoft Press",
        year = "1999")
